@article{Sims1954,
	title = {The {Calculation} of {Roll} {Force} and {Torque} in {Hot} {Rolling} {Mills}},
	volume = {168},
	issn = {0020-3483, 2058-1203},
	url = {http://journals.sagepub.com/doi/10.1243/PIME_PROC_1954_168_023_02},
	doi = {10.1243/PIME_PROC_1954_168_023_02},
	language = {en},
	number = {1},
	urldate = {2022-05-09},
	journal = {Proceedings of the Institution of Mechanical Engineers},
	author = {Sims, R. B.},
	month = jun,
	year = {1954},
	pages = {191--200},
	file = {Sims - 1954 - The Calculation of Roll Force and Torque in Hot Ro.pdf:/home/renzing/Zotero/storage/AAAM5V8T/Sims - 1954 - The Calculation of Roll Force and Torque in Hot Ro.pdf:application/pdf},
}

@book{Lippmann_Mahrenholtz_1967,
    address = {Berlin, Heidelberg},
    title = {Plastomechanik der Umformung metallischer Werkstoffe},
    ISBN = {978-3-642-87885-5},
    url = {http://link.springer.com/10.1007/978-3-642-87884-8},
    DOI = {10.1007/978-3-642-87884-8},
    note = {Citation Key: Lippmann1967},
    publisher = {Springer Berlin Heidelberg},
    author = {Lippmann, Horst and Mahrenholtz, Oskar},
    year = {1967},
    language = {de}
}




